@comment{x-kbibtex-personnameformatting=<%l><, %f>}

@article{Bischl2017,
	archiveprefix = "arXiv",
	author = "{Bischl}, B. and {Casalicchio}, G. and {Feurer}, M. and {Hutter}, F. and {Lang}, M. and {Mantovani}, R.~G. and {van Rijn}, J.~N. and {Vanschoren}, J.",
	eprint = "1708.03731",
	journal = "ArXiv e-prints",
	keywords = "Statistics - Machine Learning; Computer Science - Learning",
	month = aug,
	primaryclass = "stat.ML",
	title = "{OpenML Benchmarking Suites and the OpenML100}",
	year = 2017
}

@article{OpenML2013,
	address = "New York, NY, USA",
	author = "Vanschoren, Joaquin and van Rijn, Jan N. and Bischl, Bernd and Torgo, Luis",
	journal = "SIGKDD Explorations",
	number = "2",
	pages = "49--60",
	publisher = "ACM",
	title = "{{OpenML}: Networked Science in Machine Learning}",
	volume = "15",
	year = "2013"
}

@article{Probst2017,
author = {Philipp Probst and Daniel Kuehn},
title = {{OpenML R Bot Benchmark Data}},
year = {2017},
month = {12},
url = {https://figshare.com/articles/OpenML_R_Bot_Benchmark_Data/5727073},
doi = {10.6084/m9.figshare.5727073.v1}
}

